
@inproceedings{Edelkamp05,
author = {Stefan Edelkamp and Shahid Jabbar and Alberto {Lluch-Lafuente}},
title = {Cost-Algebraic Heuristic Search},
year = {2005},
booktitle = {Proceedings of the National Conference on Artificial Intelligence},
month = {01},
pages = {1362-1367},
volume =  {3},
langid    = {english},
publisher = {AAAI Press},
url = {https://dl.acm.org/doi/abs/10.5555/1619499.1619552},
isbn = {157735236x}}

@article{Dijkstra59,
author = {Dijkstra, E. W.},
title = {A note on two problems in connexion with graphs},
year = {1959},
issue_date = {December 1959},
publisher = {Springer-Verlag},
address = {Berlin, Heidelberg},
volume = {1},
number = {1},
issn = {0029-599X},
url = {https://doi.org/10.1007/BF01386390},
doi = {10.1007/BF01386390},
journal = {Numer. Math.},
month = dec,
pages = {269–271},
numpages = {3}
}

@article{mffDijkstraKucera,
author = {Kučera, Luděk},
title = {Dijkstrův algoritmus},
subtitle = {Hledání nejkratší cesty v nezáporně hranově ohodnoceném grafu},
year = {2010},
urldate = {2025-07-10},
url = {https://kam.mff.cuni.cz/~ludek/NTIN060texty/Dijkstra.pdf},
month = mar,
}

@article{NanniciniRoadNetw,
author = {Nannicini, Giacomo and Delling, Daniel and Schultes, Dominik and Liberti, Leo},
title = {Bidirectional A* search on time-dependent road networks},
journal = {Networks},
volume = {59},
number = {2},
pages = {240-251},
doi = {10.1002/net.20438},
year = {2012}
}


@inproceedings{SunPowerGrid,
author={Ke Sun},
booktitle={2005 IEEE/PES Transmission \& Distribution Conference \& Exposition: Asia and Pacific}, 
title={Complex Networks Theory: A New Method of Research in Power Grid}, 
year={2005},
volume={},
number={},
pages={1-6},
doi={10.1109/TDC.2005.1547099},
isbn = {0-7803-9114-4},
langid = {english}}

@article{RezvanianSocNetworks,
title = {Sampling social networks using shortest paths},
journal = {Physica A: Statistical Mechanics and its Applications},
volume = {424},
pages = {254-268},
year = {2015},
issn = {0378-4371},
doi = {10.1016/j.physa.2015.01.030},
url = {https://www.sciencedirect.com/science/article/pii/S0378437115000321},
author = {Alireza Rezvanian and Mohammad Reza Meybodi},
langid = {english}}

@article{XiaoPCGames,
title={A*-based pathfinding in modern computer games},
author={Cui, Xiao and Shi, Hao},
journal={International Journal of Computer Science and Network Security},
volume={11},
number={1},
pages={125--130},
year={2011},
publisher={International Journal of Computer Science and Network Security (IJCSNS)}
}

@article{dechter1985generalized,
author = {Dechter, Rina and Pearl, Judea},
title = {Generalized best-first search strategies and the optimality of A*},
year = {1985},
issue_date = {July 1985},
publisher = {Association for Computing Machinery},
address = {New York, NY, USA},
volume = {32},
number = {3},
issn = {0004-5411},
url = {https://doi.org/10.1145/3828.3830},
doi = {10.1145/3828.3830},
journal = {J. ACM},
month = jul,
pages = {505–536},
numpages = {32}
}

@book{PearlHeuristics,
author = {Pearl, Judea},
title = {Heuristics:  intelligent search strategies for computer problem solving},
year = {1984},
isbn = {0201055945},
publisher = {Addison-Wesley Longman Publishing Co., Inc.},
address = {USA}
}

@inproceedings{goldberg03AMeetsGT,
  author = {Goldberg, Andrew and Harrelson, Chris},
  title = {Computing the shortest path: A\ search meets graph theory},
  booktitle = {Proceedings of the Annual ACM-SIAM Symposium on Discrete Algorithms},
  year = {2003},
  volume = {5},
  pages = {156-165},
  isbn = {978-0-89871-585-9},
}

@article{goldberg05PointToPoint,
  title={Computing Point-to-Point Shortest Paths from External Memory},
  author={Goldberg, Andrew V and Werneck, Renato Fonseca F},
  journal={ALENEX/ANALCO},
  volume={2},
  year={2005},
  isbn = {0-89871-596-2},
}

@techreport{heimerl1988german,
  author = {{Intraplan Consult GmbH}},
  title = {Standardisierte {B}ewertung von {V}erkehrswegeinvestitionen im öffentlichen {P}ersonennahverkehr: {V}ersion 2016+},
  subtitle = {Verfahrensanleitung},
  institution = {Ministerstvo dopravy a digitální infrastruktury},
  year = {2023},
  number = {FE 70.976/2019},
  language = {german},
  langid = {german},
}

@article{bauer2011experimental,
  title={Experimental study of speed up techniques for timetable information systems},
  author={Bauer, Reinhard and Delling, Daniel and Wagner, Dorothea},
  journal={Networks},
  volume={57},
  number={1},
  pages={38--52},
  year={2011},
  publisher={Wiley Online Library},
  doi = {10.1002/net.20382}
}

@article{pyrga2008efficient,
  title={Efficient models for timetable information in public transportation systems},
  author={Pyrga, Evangelia and Schulz, Frank and Wagner, Dorothea and Zaroliagis, Christos},
  journal={Journal of Experimental Algorithmics (JEA)},
  volume={12},
  pages={1--39},
  year={2008},
  publisher={ACM New York, NY, USA},
  doi = {10.1145/1227161.1227166}
}

@inbook{lauther05Arcs,
    author = {Ulrich Lauther},
    title = {An Extremely Fast, Exact Algorithm for Finding Shortest Paths in Static Networks with Geographical Background},
    booktitle = {Geoinformation und Mobilitaet – von der Forschung zurpraktischen Anwendung},
    volume = {22},
    publisher = {IfGI prints, Institut fuer Geoinformatik},
    year = {2004},
    pages = {219–230}
}

@inproceedings{kohler2005acceleration,
  title={Acceleration of shortest path and constrained shortest path computation},
  author={K{\"o}hler, Ekkehard and M{\"o}hring, Rolf H and Schilling, Heiko},
  booktitle={International Workshop on Experimental and Efficient Algorithms},
  pages={126--138},
  year={2005},
  organization={Springer},
  isbn = {978-3-540-25920-6},
  doi = {10.1007/11427186_13}
}


@article{hilger2008fast,
  title={Fast point-to-point shortest path computations with arc-flags},
  author={Hilger, Moritz and K{\"o}hler, Ekkehard and M{\"o}hring, Rolf H and Schilling, Heiko},
  journal={DIMACS Series in Discrete Mathematics and Theoretical Computer Science},
  year={2009},
  doi = {10.1090/dimacs/074},
  volume = {74},
}

@inproceedings{mohring2005partitioning,
author="M{\"o}hring, Rolf H.
and Schilling, Heiko
and Sch{\"u}tz, Birk
and Wagner, Dorothea
and Willhalm, Thomas",
title="Partitioning Graphs to Speed Up Dijkstra's Algorithm",
booktitle="Experimental and Efficient Algorithms",
year="2005",
publisher="Springer Berlin Heidelberg",
pages="189--202",
isbn="978-3-540-32078-4",
doi = "10.1007/11427186_18"
}

@inproceedings{sanders05HHHasten,
author="Sanders, Peter and Schultes, Dominik",
title="Highway Hierarchies Hasten Exact Shortest Path Queries",
booktitle="Algorithms -- ESA 2005",
year="2005",
publisher="Springer Berlin Heidelberg",
pages="568--579",
isbn="978-3-540-31951-1",
doi = {10.1007/11561071_51}
}

@inproceedings{sandersEnginneringHH,
author="Sanders, Peter and Schultes, Dominik",
title="Engineering Highway Hierarchies",
booktitle="Algorithms -- ESA 2006",
year="2006",
publisher="Springer Berlin Heidelberg",
pages="804--816",
isbn="978-3-540-38876-0",
doi = {10.1007/11841036_71},
}

@InProceedings{geisberger2008CHFaster,
author="Geisberger, Robert and Sanders, Peter and Schultes, Dominik and Delling, Daniel",
title="Contraction Hierarchies: Faster and Simpler Hierarchical Routing in Road Networks",
booktitle="Experimental Algorithms",
year={2008},
publisher="Springer Berlin Heidelberg",
pages="319--333",
isbn="978-3-540-68552-4",
doi = {10.1007/978-3-540-68552-4_24},
}

@thesis{SchultesRoutePlanning,
  author = {Dominik Schultes},
  institution = {Karlsruher Institut für Technologie},
  title = {Route planning in road networks},
  type = {Disertační práce},
  year = {2008}
  }

@thesis{SchultesHHMaster,
  author = {Dominik Schultes},
  institution = {Karlsruher Institut für Technologie},
  title = {Fast and Exact Shortest Path Queries
Using Highway Hierarchies},
  type = {Diplomová práce},
  year = {2005}
  }

@thesis{geisberger2008CHDiploma,
  author = {Robert Geisberger},
  institution = {Karlsruher Institut für Technologie},
  title = {Contraction Hierarchies: Faster and Simpler Hierarchical Routing in Road Networks},
  type = {Diplomová práce},
  year = {2008}
}

@online{lazarsfeldGuide,
  author = {John Lazarsfeld},
  title = {Contraction Hierarchies: An Illustrative Guide},
  url = {https://jlazarsfeld.github.io/ch.150.project/contents/},
  year = {2008},
  note = {Univerzitní projekt}
}

@inbook{ericksonShortestPaths,
  author = {Jeff Erickson},
  chapter = {08},
  booktitle = {Algorithms},
  title = {Shortest Paths},
  year = {2019},
  isbn = {1792644833},
}

@InProceedings{BatzTDCH,
author = {Batz, Gernot Veit and Geisberger, Robert and Neubauer, Sabine and Sanders, Peter},
title =  {Time-Dependent Contraction Hierarchies and Approximation},
booktitle = {Experimental Algorithms},
year = {2010},
publisher = {Springer Berlin Heidelberg},
pages = {166--177},
isbn = {978-3-642-13193-6},
doi = {10.1007/978-3-642-13193-6_15}
}

@article{madkour2017survey,
    title={A Survey of Shortest-Path Algorithms}, 
    author={Amgad Madkour and Walid G. Aref and Faizan Ur Rehman and Mohamed Abdur Rahman and Saleh Basalamah},
    year={2017},
    doi = {10.48550/arXiv.1705.02044}
}

@Inbook{Delling2009enginneringRoute,
author = {Delling, Daniel and Sanders, Peter and Schultes, Dominik and Wagner, Dorothea},
title = {Engineering Route Planning Algorithms},
bookTitle = {Algorithmics of Large and Complex Networks: Design, Analysis, and Simulation},
year = {2009},
publisher = {Springer Berlin Heidelberg},
pages = {117--139},
isbn = {978-3-642-02094-0},
doi = {10.1007/978-3-642-02094-0_7},
url = {https://doi.org/10.1007/978-3-642-02094-0_7}
}


@thesis{wirthCHDiploma,
  author = {Alexander Wirth},
  date = {},
  institution = {Karlsruhe Institute of Technology},
  title = {Algorithms for Contraction Hierarchies on Public Transit Networks},
  type = {Diplomová práce},
  year = {2015}
}

@article{dibbelt2017CSA,
author = {Dibbelt, Julian and Pajor, Thomas and Strasser, Ben and Wagner, Dorothea},
year = {2017},
title = {Connection Scan Algorithm},
volume = {23},
journal = {Journal of Experimental Algorithmics},
doi = {10.1145/3274661}
}


@online{tejaDynamic,
  author = {Rohith Teja},
  urldate = {2025-07-10},
  title = {What are Dynamic Graphs and Why They are Interesting?
},
  url = {https://towardsdatascience.com/what-are-dynamic-graphs-and-why-they-are-interesting-180b9fab9229/},
  year = {2021}
}

@InProceedings{NanniciniBiDiA,
author = {Nannicini, Giacomo and Delling, Daniel and Liberti, Leo and Schultes, Dominik"},
title = {Bidirectional A{\thinspace}*{\thinspace} Search for Time-Dependent Fast Paths},
booktitle = {Experimental Algorithms},
year = {2008},
publisher = {Springer Berlin Heidelberg},
pages = {334--346},
isbn = {978-3-540-68552-4},
doi = {10.1007/978-3-540-68552-4_25},
}

@incollection{CMUBinHeaps,
  author = {Carnegie Mellon University, Computer Science Department},
  booktitle = {Introduction to Data Structures},
  title = {Binary Heaps},
  year = {2011},
  url = {https://www.andrew.cmu.edu/course/15-121/lectures/Binary%20Heaps/heaps.html},
  urldate = {2025-07-10},
  howpublished = {Materiál k přednášce},
}


@article{dellingRAPTOR,
author = {Delling, Daniel and Pajor, Thomas and Werneck, Renato F.},
title = {Round-Based Public Transit Routing},
journal = {Transportation Science},
volume = {49},
number = {3},
pages = {591-604},
year = {2015},
doi = {10.1287/trsc.2014.0534},
}

@InProceedings{dellingLandmarkRouting,
author = {Delling, Daniel and Wagner, Dorothea},
title = {Landmark-Based Routing in Dynamic Graphs},
booktitle = {Experimental Algorithms},
year = {2007},
publisher = {Springer Berlin Heidelberg},
pages = {52--65},
isbn = {978-3-540-72845-0},
doi = {10.1007/978-3-540-72845-0_5},
}

@article{geisberger2010TDOneToAll,
title={Engineering Time-dependent One-To-All Computation}, 
author={Robert Geisberger},
year={2010},
doi = {10.48550/arXiv.1010.0809},
url={https://arxiv.org/abs/1010.0809}, 
}


@article{PYRGA2004TowardsRealistic,
author = {Evangelia Pyrga and Frank Schulz and Dorothea Wagner and Christos Zaroliagis},
title = {Towards Realistic Modeling of Time-Table Information through the Time-Dependent Approach},
journal = {Electronic Notes in Theoretical Computer Science},
volume = {92},
pages = {85-103},
year = {2004},
issn = {1571-0661},
doi = {10.1016/j.entcs.2003.12.024},
}

@article{Schwartz1980,
  author={Schwartz, M. and Stern, T.},
  journal={IEEE Transactions on Communications}, 
  title={Routing Techniques Used in Computer Communication Networks}, 
  year={1980},
  volume={28},
  number={4},
  pages={539-552},
  doi={10.1109/TCOM.1980.1094690}}

@article{HartAstar,
  author={Hart, Peter E. and Nilsson, Nils J. and Raphael, Bertram},
  journal={IEEE Transactions on Systems Science and Cybernetics}, 
  title={A Formal Basis for the Heuristic Determination of Minimum Cost Paths}, 
  year={1968},
  volume={4},
  number={2},
  pages={100-107},
  doi={10.1109/TSSC.1968.300136}}

@online{DPPvDatech,
  author = {{Dopravní podnik hlavního města Prahy}},
  urldate  = {2025-08-02},
  title = {DPP v datech},
  url = {https://www.dpp.cz/spolecnost/o-spolecnosti/dpp-v-datech},
  year = {2024}
}

@online{PIDoSystemu,
  author = {{Regionální organizátor Pražské integrované dopravy}},
  urldate  = {2025-08-02},
  title = {O systému},
  url = {https://pid.cz/o-systemu/},
  year = {}
}

@online{PIDOPENDATA,
  author = {{Regionální organizátor Pražské integrované dopravy}},
  urldate  = {2025-08-02},
  title = {Otevřená data PID},
  url = {https://pid.cz/o-systemu/opendata/},
  year = {}
}

@online{gtfsStarted,
  author = {{MobilityData}},
  urldate  = {2025-08-02},
  title = {Reach more riders and improve public transit with GTFS},
  url = {https://gtfs.org/getting-started/why-use-GTFS/},
  year = {2025}
}

@online{gtfsDocumentation,
  author = {{MobilityData}},
  urldate  = {2025-08-02},
  title = {General Transit Feed Specification (GTFS)},
  url = {https://gtfs.org/getting-started/why-use-GTFS/},
  year = {2025}
}


